@misc{hyperledger_paper,
  title         = {{Hyperledger Blockchain Performance Metrics}},
  howpublished  = {\url{https://www.hyperledger.org/resources/publications/blockchain-performance-metrics}}
}

@misc{bitcoin,
    author  = "Satoshi Nakamoto",
    title   = "Bitcoin: A Peer-to-Peer Electronic Cash System",
    year    = 2008
}

@misc{bitcoin_scaling,
    author  = "Kyle Croman; Christian Decker; Ittay Eyal",
    title   = "On Scaling Decentralized Blockchains",
    year    = 2016
}

@misc{ec2_params,
    title           = "Amazon EC2 instance types",
    howpublished    = {\url{https://aws.amazon.com/ec2/instance-types/}}
}

@misc{geth,
    title           = "Geth",
    howpublished    = {\url{https://github.com/ethereum/go-ethereum/wiki/geth}}
}

@misc{bootnode,
    title           = "Ethereum Private Network",
    howpublished    = {\url{https://github.com/ethereum/go-ethereum/wiki/Private-network}}
}

@misc{clique,
    author          = "Péter Szilágyi",
    title           = "Clique PoA protocol and Rinkeby PoA testnet",
    year            = 2017,
    howpublished    = {\url{https://github.com/ethereum/EIPs/issues/225}}
}

@misc{pos,
    title           = "3 Things Ethereum Users Should Know about Hyperledger Burrow",
    year            = 2018,
    howpublished    = {\url{https://www.hyperledger.org/blog/2018/07/25/3-things-ethereum-users-should-know-about-hyperledger-burrow}}
}

@misc{burrow_git,
    title           = "Hyperledger Burrow Git Hub",
    year            = 2018,
    howpublished    = {\url{https://github.com/hyperledger/burrow}}
}
